<collection xmlns="http://www.loc.gov/MARC21/slim">
<record>
  <leader>00929nam0a22002051i 450 </leader>
  <controlfield tag="001">IT\ICCU\CNCE\062457</controlfield>
  <controlfield tag="005">20110105000000.0</controlfield>
  <datafield tag="012" ind1=" " ind2=" ">
    <subfield code="a">sea, sere e,e, rae, (C) 1597 (A)</subfield>
    <subfield code="2">fei</subfield>
  </datafield>
  <datafield tag="100" ind1=" " ind2=" ">
    <subfield code="a">20051112d1597        0itac0103    ba</subfield>
  </datafield>
  <datafield tag="101" ind1=" " ind2=" ">
    <subfield code="a">ITA</subfield>
  </datafield>
  <datafield tag="102" ind1=" " ind2=" ">
    <subfield code="a">IT</subfield>
  </datafield>
  <datafield tag="200" ind1="1" ind2=" ">
    <subfield code="a">Confessione di Luigi Pulci. Nella quale prega la Vergine Maria, che interceda per lui &amp; adduce tutte le figure del testamento vecchio con un capitolo sopra Popule meus, &amp; vn capitolo, e sonetti alla croce, a Giesu Christo, &amp; vna lauda del Magnifico Lorenzo de Medici. Nuouamente ristampata</subfield>
  </datafield>
  <datafield tag="210" ind1=" " ind2=" ">
    <subfield code="e">In Firenze</subfield>
    <subfield code="g">appresso Giouanni Baleni</subfield>
    <subfield code="h">1597</subfield>
  </datafield>
  <datafield tag="215" ind1=" " ind2=" ">
    <subfield code="a">\4! c.</subfield>
    <subfield code="d">4ʻ</subfield>
  </datafield>
  <datafield tag="620" ind1=" " ind2=" ">
    <subfield code="a">IT</subfield>
    <subfield code="d">Firenze</subfield>
  </datafield>
  <datafield tag="700" ind1=" " ind2="1">
    <subfield code="a">Pulci,</subfield>
    <subfield code="b">Luigi</subfield>
    <subfield code="3">IT\ICCU\CNCA\005191</subfield>
  </datafield>
  <datafield tag="702" ind1=" " ind2="1">
    <subfield code="a">Medici,</subfield>
    <subfield code="b">Lorenzo : de&apos;</subfield>
    <subfield code="3">IT\ICCU\CNCA\008300</subfield>
  </datafield>
  <datafield tag="712" ind1="0" ind2="0">
    <subfield code="a">Baleni, Giovanni</subfield>
    <subfield code="3">IT\ICCU\CNCT\000682</subfield>
    <subfield code="4">650</subfield>
  </datafield>
  <datafield tag="801" ind1=" " ind2="3">
    <subfield code="a">IT</subfield>
    <subfield code="b">ICCU</subfield>
    <subfield code="c">20201115</subfield>
  </datafield>
  <datafield tag="899" ind1=" " ind2=" ">
    <subfield code="a">Biblioteca nazionale centrale. Firenze</subfield>
    <subfield code="1">FI0098</subfield>
    <subfield code="2">CFI CF</subfield>
  </datafield>
</record>
</collection>
